<?xml version="1.0" encoding="UTF-8" ?>
<collection xmlns:xsi="http://www.w3.org/2001/XMLSchema-instance"
    xsi:schemaLocation="http://www.loc.gov/MARC21/slim
        http://www.loc.gov/standards/marcxml/schema/MARC21slim.xsd"
    xmlns="http://www.loc.gov/MARC21/slim">
<record>
  <leader>00272cam a2200529 i 4500</leader>
  <controlfield tag="001">b12518918</controlfield>
  <controlfield tag="003">LeBAU</controlfield>
  <controlfield tag="005">20200316</controlfield>
  <controlfield tag="008">970714s1924    ua            ||0 d ara d</controlfield>
  <datafield tag="035" ind1=" " ind2=" ">
    <subfield code="a">ocn784375528</subfield>
  </datafield>
  <datafield tag="040" ind1=" " ind2=" ">
    <subfield code="a">LEAUB</subfield>
    <subfield code="b">ara</subfield>
    <subfield code="e">rda</subfield>
    <subfield code="c">LEAUB</subfield>
    <subfield code="d">LEAUB</subfield>
  </datafield>
  <datafield tag="041" ind1="1" ind2=" ">
    <subfield code="a">ara</subfield>
    <subfield code="h">eng</subfield>
  </datafield>
  <datafield tag="082" ind1="0" ind2="4">
    <subfield code="a">822.33</subfield>
    <subfield code="2">23</subfield>
  </datafield>
  <datafield tag="100" ind1="1" ind2=" ">
    <subfield code="6">880-01</subfield>
    <subfield code="a">Shakespeare, William,</subfield>
    <subfield code="d">1564-1616.</subfield>
    <subfield code="e">author.</subfield>
    <subfield code="0">https://lccn.loc.gov/n78095332 ,</subfield>
  </datafield>
  <datafield tag="240" ind1="1" ind2="0">
    <subfield code="a">Julius Caesar.</subfield>
    <subfield code="l">Arabic</subfield>
  </datafield>
  <datafield tag="245" ind1="1" ind2="0">
    <subfield code="6">880-02</subfield>
    <subfield code="a">Yūlyūs Qayṣar :</subfield>
    <subfield code="b">al-maʼsāt al-tārīkhīyah al-kubrá : riwāyah tārīkhīyah sīyāsīyah waṭanīyah akhlāqīyah ; Makbith /</subfield>
    <subfield code="c">li-Kātib al-Inklīz al-Kabīr Walyam Shakisbīr ; taʻrīb ʻAbd al-Raḥmān Zakī.</subfield>
  </datafield>
  <datafield tag="264" ind1=" " ind2="1">
    <subfield code="6">880-03</subfield>
    <subfield code="a">al-Qāhirah :</subfield>
    <subfield code="b">[Dār al-Taqaddum],</subfield>
    <subfield code="c">1924.</subfield>
  </datafield>
  <datafield tag="300" ind1=" " ind2=" ">
    <subfield code="6">880-04</subfield>
    <subfield code="a">142, 64 pages ;</subfield>
    <subfield code="c">23 cm</subfield>
  </datafield>
  <datafield tag="336" ind1=" " ind2=" ">
    <subfield code="a">text</subfield>
    <subfield code="b">txt</subfield>
    <subfield code="2">rdacontent</subfield>
  </datafield>
  <datafield tag="337" ind1=" " ind2=" ">
    <subfield code="a">unmediated</subfield>
    <subfield code="b">n</subfield>
    <subfield code="2">rdamedia</subfield>
  </datafield>
  <datafield tag="338" ind1=" " ind2=" ">
    <subfield code="a">volume</subfield>
    <subfield code="b">nc</subfield>
    <subfield code="2">rdacarrier</subfield>
  </datafield>
  <datafield tag="500" ind1=" " ind2=" ">
    <subfield code="a">مكبث / لكاتب الإنكليز الكبير وليم شكسبير؛ تعريب عبد الرحمن زكي. مصر : حسين حسنين صاحب المكتبة المصرية، [ما بين 1920 و 1950؟]</subfield>
  </datafield>
  <datafield tag="500" ind1=" " ind2=" ">
    <subfield code="a">"كلمة عن تاريخ اسكتلنده / منقولة عن الانجليزية بقلم محمد رأفت جمالي."-- صفحة 46-64.</subfield>
  </datafield>
  <datafield tag="588" ind1=" " ind2=" ">
    <subfield code="a">تاريخ النشر أخذ من المقدمة.</subfield>
  </datafield>
  <datafield tag="590" ind1=" " ind2=" ">
    <subfield code="a">صفحة العنوان مفتقدة.</subfield>
  </datafield>
  <datafield tag="600" ind1="1" ind2="4">
    <subfield code="a">شكسبير، وليم،</subfield>
    <subfield code="d">1564-1616</subfield>
    <subfield code="v">ترجمات الى العربية.</subfield>
  </datafield>
  <datafield tag="600" ind1="1" ind2="0">
    <subfield code="a">Shakespeare, William,</subfield>
    <subfield code="d">1564-1616</subfield>
    <subfield code="v">Translations into Arabic.</subfield>
  </datafield>
  <datafield tag="655" ind1=" " ind2="4">
    <subfield code="a">مسرحيات.</subfield>
  </datafield>
  <datafield tag="655" ind1=" " ind2="0">
    <subfield code="a">Drama.</subfield>
  </datafield>
  <datafield tag="700" ind1="1" ind2="2">
    <subfield code="6">880-05</subfield>
    <subfield code="a">Shakespeare, William,</subfield>
    <subfield code="d">1564-1616.</subfield>
    <subfield code="t">Makbith.</subfield>
  </datafield>
  <datafield tag="700" ind1="1" ind2="2">
    <subfield code="a">Zakī, ʻAbd al-Raḥmān.</subfield>
    <subfield code="d">1564-1616.</subfield>
    <subfield code="t">Macbeth.</subfield>
    <subfield code="l">Arabic.</subfield>
    <subfield code="0">http://id.loc.gov/authorities/names/n84202624 ,</subfield>
    <subfield code="e">translator.</subfield>
  </datafield>
  <datafield tag="700" ind1="1" ind2=" ">
    <subfield code="6">880-06</subfield>
    <subfield code="a">زكي، عبد الرحمن،</subfield>
    <subfield code="e">مترجم. </subfield>
    <subfield code="4">trl.</subfield>
  </datafield>
  <datafield tag="765" ind1="0" ind2="8">
    <subfield code="6">880-07</subfield>
    <subfield code="i">is translation of</subfield>
    <subfield code="4">http://rdaregistry.info/Elements/e/P20141 :</subfield>
    <subfield code="a">Shakespeare, William, 1564-1616.</subfield>
    <subfield code="t">Julius Caesar.</subfield>
    <subfield code="d">London : Longman, 1980</subfield>
    <subfield code="w">(OCoLC)16784068</subfield>
    <subfield code="w">(OCoLC)16784068</subfield>
  </datafield>
  <datafield tag="765" ind1="0" ind2="8">
    <subfield code="6">880-07</subfield>
    <subfield code="i">is translation of</subfield>
    <subfield code="4">http://rdaregistry.info/Elements/e/P20141 :</subfield>
    <subfield code="a">Shakespeare, William, 1564-1616.</subfield>
    <subfield code="t">Macbeth.</subfield>
    <subfield code="d">London : Methuen, [1953]</subfield>
    <subfield code="w">(OCoLC)01381658</subfield>
    <subfield code="w">(OCoLC)01381658</subfield>
  </datafield>
  <datafield tag="852" ind1=" " ind2=" ">
    <subfield code="a">Jafet Library</subfield>
    <subfield code="e">American University of Beirut, Bliss Street , Beirut, Lebanon.</subfield>
  </datafield>
  <datafield tag="880" ind1="1" ind2=" ">
    <subfield code="6">100-01/(3/r</subfield>
    <subfield code="a">شكسبير، وليم،</subfield>
    <subfield code="d">1564-1616،</subfield>
    <subfield code="0">https://lccn.loc.gov/n78095332 ,</subfield>
    <subfield code="e">مؤلف. </subfield>
    <subfield code="4">aut.</subfield>
  </datafield>
  <datafield tag="880" ind1="1" ind2="0">
    <subfield code="6">245-02/(3/r</subfield>
    <subfield code="a">يوليوس قيصر :</subfield>
    <subfield code="b">المأساة التاريخية الكبرى : رواية تاريخية سياسية وطنية أخلاقية ؛ مكبث /</subfield>
    <subfield code="c">لكاتب الإنكليز الكبير وليم شكسبير؛ تعريب عبد الرحمن زكي.</subfield>
  </datafield>
  <datafield tag="880" ind1=" " ind2="1">
    <subfield code="6">264-03/(3/r</subfield>
    <subfield code="a">القاهرة :</subfield>
    <subfield code="b">[دار التقدم]،</subfield>
    <subfield code="c">1924.</subfield>
  </datafield>
  <datafield tag="880" ind1=" " ind2=" ">
    <subfield code="6">300-04/(3/r</subfield>
    <subfield code="a">142، 64 صفحة ؛</subfield>
    <subfield code="c">23 سم</subfield>
  </datafield>
  <datafield tag="880" ind1="1" ind2="2">
    <subfield code="6">700-05/(3/r</subfield>
    <subfield code="a">شكسبير، وليم،</subfield>
    <subfield code="d">1564-1616.</subfield>
    <subfield code="t">مكبث.</subfield>
  </datafield>
  <datafield tag="880" ind1="1" ind2=" ">
    <subfield code="6">700-06/(3/r</subfield>
    <subfield code="a">Shakespeare, William,</subfield>
    <subfield code="0">http://id.loc.gov/authorities/names/n84202624 ,</subfield>
    <subfield code="e">translator.</subfield>
  </datafield>
  <datafield tag="880" ind1="0" ind2="8">
    <subfield code="6">765-07/(3/r</subfield>
    <subfield code="i">ترجمة </subfield>
    <subfield code="4">http://rdaregistry.info/Elements/e/P20141 :</subfield>
    <subfield code="a">Shakespeare, William, 1564-1616.</subfield>
    <subfield code="t">Julius Caesar.</subfield>
    <subfield code="d">London : Longman, 1980</subfield>
    <subfield code="w">(LEAUB)b10438178</subfield>
    <subfield code="w">(OCoLC)16784068</subfield>
  </datafield>
  <datafield tag="880" ind1="0" ind2="8">
    <subfield code="6">765-08/(3/r</subfield>
    <subfield code="i">ترجمة </subfield>
    <subfield code="4">http://rdaregistry.info/Elements/e/P20141 :</subfield>
    <subfield code="a">Shakespeare, William, 1564-1616.</subfield>
    <subfield code="t">Macbeth.</subfield>
    <subfield code="d">London : Methuen, [1953]</subfield>
    <subfield code="w">(LEAUB)b1137844x</subfield>
    <subfield code="w">(OCoLC)01381658</subfield>
  </datafield>
  <datafield tag="907" ind1=" " ind2=" ">
    <subfield code="a">.b12518918</subfield>
    <subfield code="b">20-05-12</subfield>
    <subfield code="c">11-05-24</subfield>
  </datafield>
  <datafield tag="907" ind1=" " ind2=" ">
    <subfield code="a">.b12518918</subfield>
    <subfield code="b">15-10-15</subfield>
    <subfield code="c">11-05-24</subfield>
  </datafield>
  <datafield tag="945" ind1=" " ind2=" ">
    <subfield code="f">J</subfield>
    <subfield code="a">822.33:S527juA</subfield>
    <subfield code="i">01044112</subfield>
    <subfield code="j">.i13017445</subfield>
    <subfield code="l">u0503</subfield>
  </datafield>
  <datafield tag="998" ind1=" " ind2=" ">
    <subfield code="a">u05</subfield>
    <subfield code="b">97-07-14</subfield>
    <subfield code="c">m</subfield>
    <subfield code="d">a  </subfield>
    <subfield code="e">-</subfield>
    <subfield code="f">ara</subfield>
    <subfield code="g">ua </subfield>
    <subfield code="h">0</subfield>
    <subfield code="i">1</subfield>
  </datafield>
</record>
</collection>
